<?xml version="1.0" encoding="UTF-8"?><collection xmlns="http://www.loc.gov/MARC21/slim"><record><leader>00610nam--2200181-i-4500</leader><controlfield tag="001">000015278</controlfield><controlfield tag="002">20161230</controlfield><controlfield tag="005">20161230201031</controlfield><controlfield tag="008">060222s1000------------r-----000-0-fre-d</controlfield><datafield ind1=" " ind2=" " tag="040"><subfield code="a">IFIN-HH</subfield></datafield><datafield ind1=" " ind2=" " tag="041"><subfield code="a">fre</subfield></datafield><datafield ind1=" " ind2=" " tag="080"><subfield code="a">537.222.22(043)</subfield></datafield><datafield ind1="1" ind2=" " tag="100"><subfield code="a">Dusseau, Jean Michel</subfield></datafield><datafield ind1="1" ind2="0" tag="245"><subfield code="a">Modele pour interpreter les phenomenes de transport dans les semiconductors en presence de fluctuations de potentiel a grande portee</subfield><subfield code="b">These</subfield><subfield code="c">Jean michel dusseau</subfield></datafield><datafield ind1=" " ind2=" " tag="260"><subfield code="a">Montpellier 1980</subfield><subfield code="b">Universite Des Sciences Et Techniques</subfield><subfield code="c">1980</subfield></datafield><datafield ind1=" " ind2=" " tag="300"><subfield code="a">142P</subfield></datafield><datafield ind1=" " ind2=" " tag="852"><subfield code="a">49741</subfield><subfield code="c">537.311.33</subfield></datafield><datafield ind1=" " ind2=" " tag="CAT"><subfield code="a">Sys</subfield><subfield code="c">20110726</subfield><subfield code="h">151307</subfield></datafield></record></collection>